@ARTICLE{Vahedi87,
  AUTHOR =  {واحدی, مصطفی},
  TITLE =  {درختان پوشای کمینه دورنگی مسطح},
  JOURNAL =  {مجله فارسی نمونه},
  VOLUME =  {1},
  YEAR =  {1387},
  NUMBER =  {2},
  MONTH =  {آبان},
  PAGES =  {22-30},
  LANGUAGE =   {Persian}
}

@CONFERENCE{Amintoosi09regional,
  author =       {M. Amintoosi and M. Fathy and N. Mozayani},
  authorfa =     {م. امین‌طوسی and م. فتحی and م.مزینی},
  title =        {Regional Varying Image Super-Resolution},
  booktitle =    {IEEE International Joint Conference on Computational Sciences and Optimization},
  year =         {2009},
  month =        {April 23-26},
  address =      {Sanya, China},
  volume =       {1},
  pages =        {913-917}
}

@CONFERENCE{Amintoosi09video,
  author =       {M. Amintoosi and M. Fathy },
  authorfa =     {م. امین‌طوسی and م. فتحی },
  title =        {Video Resolution Enhancement in the Presence of Moving Objects},
  booktitle =    {International Conference on Image Processing, Computer Vision, and Pattern Recognition},
  year =         {2009},
  address =      {Las Vegas, USA},
  month =		 {July}
}

@ARTICLE{Amintoosi09precise,
  AUTHOR =       {M. Amintoosi and M. Fathy and N. Mozayani},
  authorfa =     {م. امین‌طوسی and م. فتحی and م.مزینی},
  TITLE =        {Precise Image Registration with Structural Similarity Error Measurement Applied to Super-Resolution},
  JOURNAL =      {{EURASIP} {J}ournal on {A}dvances in {S}ignal {P}rocessing},
 Volume =         {2009},
  YEAR =         {2009},
  pages =        {7 pages},
  note =         {{A}rticle ID 305479},
 url = {http://www.hindawi.com/journals/asp/2009/305479.html}
}

@CONFERENCE{Amintoosi87afzayesh,
  AUTHOR =       {امین‌طوسی,محمود and مزینی,ناصر and  فتحی,محمود},
  TITLE =        {افزایش وضوح ناحیه‌ای},
  BOOKTITLE =    {چهاردهمین کنفرانس ملی سالانه انجمن کامپیوتر ایران},
  YEAR =         {1387},
  ORGANIZATION = {دانشگاه امیرکبیر},
  ADDRESS =      {تهران، ایران},
  month = 		 {اسفند},
  pages = {101--108},
  LANGUAGE =     {Persian},  
  url = {http://www.civilica.com/Paper-ACCSI14-ACCSI14_107.htm}
}

@article{Baker02limits,
 author = {Baker,, Simon and Kanade,, Takeo},
 title = {Limits on Super-Resolution and How to Break Them},
 journal = {IEEE Trans. Pattern Anal. Mach. Intell.},
 volume = {24},
 number = {9},
 year = {2002},
 issn = {0162-8828},
 pages = {1167--1183},
 publisher = {IEEE Computer Society},
 address = {Washington, DC, USA}
 }

@BOOK{Gonzalez02book,
  AUTHOR =      {Gonzalez,, Rafael C. and Woods,, Richard E.},
  authorfa = {ر. گنزالس and ر. وودس },
  TITLE =       {Digital Image Processing},
  PUBLISHER =   {Prentice-Hall, Inc.},
  YEAR =        {2006},
  ISBN = 		{013168728X},
  EDITION = 	{3rd},
  ADDRESS = {Upper Saddle River, NJ, USA},
}
 
@MASTERSTHESIS{Khalighi07MscThesis,
  AUTHOR =       {Vafa Khalighi},
 AUTHORFA = {خلیقی,وفا},
  TITLE =        {Category Theory},
  SCHOOL =       {Sydny Univ.},
  YEAR =         {2007},
  MONTH =        {April}
}

@MISC{Khalighi87xepersian,
  AUTHOR =      {خلیقی,وفا},
  TITLE =        {زی‌پرشین (\lr{\XePersian}): بسته فارسی برای حروف‌چینی در \lr{\LaTeX2e}},
  HOWPUBLISHED =    {\lr{\href{http://ctan.org/pkg/xepersian}{http://ctan.org/pkg/xepersian}}},
  YEAR =         {۱۳۸۷},
  LANGUAGE =     {Persian}
  }

@PHDTHESIS{Omidali82phdThesis,
  AUTHOR =       {امیدعلی, مهدی},
  TITLE =        {خم‌های تک‌جمله‌ای تعریف شده توسط دنباله‌های تقریباً حسابی},
  SCHOOL =       {دانشکده ریاضی، دانشگاه امیرکبیر},
  YEAR =         {1385},
  MONTH =        {تیر},
  LANGUAGE =     {Persian}
}

@BOOK{Pedram80osool,
  AUTHOR =       {استالینگ, ویلیام},
  EDITOR =       {برنجکوب, محمود},
  translator =   { صدیقی‌ مشکنانی, محسن and پدرام,حسین },
  TITLE =        {اصول طراحی و ویژگیهای داخلی سیستم‌های عامل},
  PUBLISHER =    {نشر شیخ بهایی},
  YEAR =         {۱۳۸۰},
  ADDRESS =      {اصفهان},
  edition =      {سوم},
  MONTH =        {بهار},
  LANGUAGE =     {Persian}
}
@BOOK{vahid90,
  AUTHOR =       {خیری, حسین and دامن‌افشان,وحید and مقدم, مهسا and وفائی, وجیهه},
  EDITOR =       {},
  translator =   { },
  TITLE =        {نظریه معادلات دیفرانسیل معمولی و سیستم‌های دینامیکی},
  PUBLISHER =    {انتشارات دانشگاه تبریز},
  YEAR =         {۱۳۹۰},
  ADDRESS =      {تبریز},
  edition =      {اول},
  MONTH =        {},
  LANGUAGE =     {Persian}
}

@MASTERSTHESIS{Pourmousa88mscThesis,
  AUTHOR =       {پورموسی , امیرمسعود},
  TITLE =        {بررسی رویدادهای ریزهمگرایی گرانشی تکراری در راستای مرکز کهکشان و ابرهای ماژلانی},
  SCHOOL =       {دانشکده فیزیک، دانشگاه صنعتی‌شریف},
  YEAR =         {۱۳۸۸},
  LANGUAGE =     {Persian}
}

@PhdThesis{Borman04thesis,
  author =   {Sean Borman},
  authorfa = {بورمن,سین},
  title =    {Topics in Multiframe Superresolution Restoration},
  school =   {University of Notre Dame},
  year =     {2004},
  address =  {Notre Dame, IN},
  month =    may,
}

@PROCEEDINGS {conference06,
 editor    = {Farhad Shokoohi},
 authorfa = {فرهاد شکوهی},
 title     = {Proceedings of the Xth Conference on XYZ},
 booktitle = {Proceedings of the Xth Conference on XYZ},
 year      = {2006},
 month     = {October}
}
@misc{TeXHis,
  title = {Brief History of {\TeX}},
  author= {Sadao Massago},
  howpublished = {\url{http://www.dm.ufscar.br/~sadao/latex/tex-history.php?lang=en}}
  }
@misc{Word,
  title = {Word Processors: Stupid and Inefficient},
  author={Allin Cottrell },
  howpublished = {\url{http://ricardo.ecn.wfu.edu/~cottrell/wp.html}},
  }
@misc{beuty,
  title = {The Beauty of {\LaTeX}},
  author = {Dont Know},
  howpublished = {\url{http://nitens.org/taraborelli/latex}},
}
@misc{Art,
  title = {The Art of {\LaTeX}},
  author={Helin Gai},
  howpublished = {\url{http://math.ecnu.edu.cn/~latex/docs/Eng_doc/LaTeX_Manual_8_6.pdf}},
}

@misc{Res,
  title = {{\TeX} Resources on the Web},
  author = {Dont Know},
  howpublished = {\url{https://www.tug.org/interest.html}},
}
@misc{Music,
  title = {How to write music with {\LaTeX}},
  author={Martin Thoma},
  howpublished = {\url{http://martin-thoma.com/how-to-write-music-with-latex/}},
}

@misc{Latex,
  title = {Obtaining {\LaTeX}},
  author = {Dont Know},
    howpublished = {\url{http://latex-project.org/ftp.html}},
}

@misc{Editors,
  title = {Comparison of {\TeX} editors},
  author = {Dont Know},
    howpublished = {\url{http://en.wikipedia.org/wiki/Comparison_of_TeX_editors}},
}


@article{ad-ksrd-11,
 author = {Abam, Mohammad Ali and de Berg, Mark},
 title = {Kinetic Spanners in \&\#x211d;d },
 journal = {Discrete Comput. Geom.},
 issue_date = {June 2011},
 volume = {45},
 issue = {4},
 month = {June},
 year = {2011},
 issn = {0179-5376},
 pages = {723--736},
 numpages = {14},
 url = {http://dx.doi.org/10.1007/s00454-011-9343-y},
 doi = {http://dx.doi.org/10.1007/s00454-011-9343-y},
 acmid = {1971367},
 publisher = {Springer-Verlag New York, Inc.},
 address = {Secaucus, NJ, USA},
 keywords = {Kinetic data structures},
} 

@article{abg-seks-10,
 author = {Abam, Mohammad Ali and de Berg, Mark and Gudmundsson, Joachim},
 title = {A simple and efficient kinetic spanner},
 journal = {Comput. Geom. Theory Appl.},
 volume = {43},
 issue = {3},
 month = {April},
 year = {2010},
 issn = {0925-7721},
 pages = {251--256},
 numpages = {6},
 url = {http://dl.acm.org/citation.cfm?id=1630166.1630284},
 doi = {10.1016/j.comgeo.2009.01.008},
 acmid = {1630284},
 publisher = {Elsevier Science Publishers B. V.},
 address = {Amsterdam, The Netherlands, The Netherlands},
 keywords = {Geometric spanners, Kinetic data structures},
} 

@article{bgh-dsmd-99,
 author = {Basch, Julien and Guibas, Leonidas J.},
 title = {Data structures for mobile data},
 journal = {J. Algorithms},
 volume = {31},
 issue = {1},
 month = {April},
 year = {1999},
 issn = {0196-6774},
 pages = {1--28},
 numpages = {28},
 url = {http://dl.acm.org/citation.cfm?id=314213.314214},
 doi = {10.1006/jagm.1998.0988},
 acmid = {314214},
 publisher = {Academic Press, Inc.},
 address = {Duluth, MN, USA},
} 
@book{sp-dssga-95,
 author = {Sharir, Micha and Agarwal, Pankaj K.},
 title = {Davenport-Schinzel sequences and their geometric applications},
 year = {1996},
 isbn = {0-521-47025-0},
 publisher = {Cambridge University Press},
 address = {New York, NY, USA},
} 

