@BOOK{razavianAmintoosiTayebi,
  AUTHOR =       {رضویان, سیدمحمدجواد and امین‌طوسی, محمود and طیبی, اکبر},
  TITLE =        {{مقدمه‌ای بر زی‌پرشین و ریاضی نویسی در  \lr{\LaTeX}}},
  PUBLISHER =    {انتشارات حکیم‌سبزواری},
  YEAR =         {۱۳۹۶},
  edition =      {اول},
  LANGUAGE =     {Persian}
}

@Article{newamintoosi,
  Title                    = {زی‌پرشین، فراتر از یک ابزار ریاضی‌نویسی},
  Author                   = {محمود امین‌طوسی },
  Journal                  = {نشریه ریاضی و جامعه},
  Year                     = {۱۳۹۶},
  Number                   = {۲},
  Pages                    = {۱-۱۷},
  Volume                   = {۲},
  Address                  = {دانشگاه اصفهان},
  Language                 = {persian},
  note 					= {\url{http://math-sci.iranjournals.ir/article_14544_2133.html}}
}

@InCollection{Xepersian-IMS-1392,
  Title                    = {زی‌پرشین (\lr{\XePersian}) یک بسته‌ی حروف‌چینی پارسی در \lr{\LaTeXe} (بخش دوم)},
  Author                   = {وفا خلیقی and
محمود امین‌طوسی},
  Booktitle                = {خبرنامه انجمن ریاضی ایران},
  Publisher                = {انجمن ریاضی ایران},
  Year                     = {۱۳۹۲},
  Note                     = {بهار و تابستان ۱۳۹۲},
  Number                   = {135-136},
  Pages                    = {4-9},
  Date                     = {بهار 1392},
  Language                 = {persian}
}

@InCollection{Xepersian-IMS-1391,
  Title                    = {زی‌پرشین (\lr{\XePersian}) یک بسته‌ی حروف‌چینی پارسی در \lr{\LaTeXe}‌ (بخش اول)},
  Author                   = {وفا خلیقی and
محمود امین‌طوسی},
  Booktitle                = {خبرنامه انجمن ریاضی ایران},
  Publisher                = {انجمن ریاضی ایران},
  Year                     = {۱۳۹۱},
  Note                     = {زمستان ۱۳۹۱},
  Number                   = {134},
  Pages                    = {19-23},
  Date                     = {زمستان 1391},
  Language                 = {persian}
}

@MISC{Amintoosi1394persianbib,
  AUTHOR =      {امین‌طوسی,محمود },
  TITLE =        {راهنمای استفاده از سبک‌های فارسی  برای {\lr{\textsc{Bib}\TeX}} در زی‌پرشین},
  howpublished = {\lr{\href{http://ctan.org/pkg/persian-bib}{ctan.org/pkg/persian-bib}}},
  YEAR =         {۱۳۹۴},
  language =     {Persian}
}

@TechReport{AmintoosiHSUThesis,
author = {امین‌طوسی,محمود},
title = {طراحی و پیاده‌سازی کلاس پایان‌نامه دانشگاه حکیم سبزواری در زی‌پرشین},
institution = {دانشگاه حکیم سبزواری },
year = {1394},
key = {key},
type = {فناوری و ساخت},
note = {قرارداد شماره 4961},
Language = {persian}
}

@BOOK{Omidali1387Lshort,
  AUTHOR =       {توبیاس اوتیکر},
  translator =   {امیدعلی, مهدی},
  TITLE =        {مقدمه‌ای نه چندان کوتاه بر \lr{\LaTeXe}},
  PUBLISHER =    {\lr{CTAN}},
  YEAR =         {۱۳۸۷},
  note = 		 {\lr{\href{https://www.ctan.org/pkg/lshort-persian}{http://ctan.org/pkg/lshort-persian}}},
  LANGUAGE =     {Persian}
}
 
@book{lamport ,
     author =    "Leslie Lamport" ,
     title =     "\LaTeX: A Document Preparation System" ,
     publisher = "Addison--Wesley Pub.\ Co." ,
     year =      "1986" ,
     address =   "Reading, MA" 
}

@BOOK{lshort,
  AUTHOR =       {Tobias Oetiker and Hubert Partl and Irene Hyna and Elisabeth Schlegl},
  TITLE =        {The Not So Short Introduction to \LaTeX},
  PUBLISHER =    {{CTAN}},
  YEAR =         {2015},
  note = 		 {\href{https://www.ctan.org/pkg/lshort}{http://ctan.org/pkg/lshort}}
}

@BOOK{knuth:texbook,
  author={Donald Ervin Knuth},
  title={The \TeX book},
  year={1984},
  publisher={Addison-Wesley}
}

@MISC{xepersian,
  AUTHOR =      {Khalighi, Vafa},
  AUTHORFA = {خلیقی,وفا},
  TITLE =        {{The XePersian Package, Persian for {\LaTeX}, using {\XeTeX\ } engine}, version 19.3},
  HOWPUBLISHED =    {\href{http://ctan.org/pkg/xepersian}{http://ctan.org/pkg/xepersian}},
  YEAR =         {2017}
  }
  
  @MISC{bidi,
  AUTHOR =      {Khalighi, Vafa},
  AUTHORFA = {خلیقی,وفا},
  TITLE =        {{The bidi Package, Bidirectional typesetting in plain \TeX{} and \LaTeX{}, using {\XeTeX\ } engine}, version 31.5},
  HOWPUBLISHED =    {\lr{\href{http://ctan.org/pkg/bidi}{http://ctan.org/pkg/bidi}}},
  YEAR =         {2017}
  }
  
@MISC{xebaposter,
  AUTHOR =      {Razavian,	Seiied Mohammad Javad },
  TITLE =        {{xebaposter – Creates beautiful scientific Persian/Latin posters using TikZ}},
  HOWPUBLISHED =    {\lr{\href{http://ctan.org/pkg/xebaposter}{http://ctan.org/pkg/xebaposter}}},
  YEAR =         {2016}
  }

@MISC{quran,
  AUTHOR =      {Razavian,	Seiied Mohammad Javad },
  TITLE =        {{quran – An easy way to typeset any part of The Holy Quran}},
  HOWPUBLISHED =    {\lr{\href{http://ctan.org/pkg/quran}{http://ctan.org/pkg/quran}}},
  YEAR =         {2017}
  }

@MISC{beamer,
  AUTHOR =      {Till Tantau and Joseph Wright and Vedran Mileti\'c },
  TITLE =        {{The BEAMER class},User Guide for version 3.36},
  HOWPUBLISHED =  {\href{https://www.ctan.org/pkg/beamer}{https://www.ctan.org/pkg/beamer}},
  YEAR =         {2015}
}

@MISC{biditexmaker,
  AUTHOR =      {Alavizadeh, S. Razi },
  TITLE =        {{BiDiTeXMaker}},
  HOWPUBLISHED =    {%
  \lr{\href{http://pozh.org/qbidiextender/}{http://pozh.org/qbidiextender/}},
  \lr{\href{https://bitbucket.org/srazi/biditexmaker3}{https://bitbucket.org/srazi/biditexmaker3}},
  },
  YEAR =         {2013}
}
  
  @article{bidabad2007classification,
  title={A classification of some Finsler connections and their applications},
  author={Bidabad, Behroz and Tayebi, Akbar},
  journal={arXiv preprint arXiv:0710.2816},
  year={2007}
}

@misc{TeXHis,
  title = {Brief History of {\TeX}},
  author= {Sadao Massago},
  howpublished = {\url{http://www.dm.ufscar.br/~sadao/latex/tex-history.php?lang=en}}
  }
  
  @misc{Word,
  title = {Word Processors: Stupid and Inefficient},
  author={Allin Cottrell },
  howpublished = {\url{http://ricardo.ecn.wfu.edu/~cottrell/wp.html}},
  }
@misc{beuty,
  title = {The Beauty of {\LaTeX}},
  author = {Dont Know},
  howpublished = {\url{http://nitens.org/taraborelli/latex}},
}
@misc{Art,
  title = {The Art of {\LaTeX}},
  author={Helin Gai},
  howpublished = {\url{http://math.ecnu.edu.cn/~latex/docs/Eng_doc/LaTeX_Manual_8_6.pdf}},
}

@misc{Latex,
  title = {Obtaining {\LaTeX}},
  author = {Dont Know},
    howpublished = {\url{http://latex-project.org/ftp.html}},
}

@misc{Music,
  title = {How to write music with {\LaTeX}},
  author={Martin Thoma},
  howpublished = {\url{http://martin-thoma.com/how-to-write-music-with-latex/}},
}
@misc{Editors,
  title = {Comparison of {\TeX} editors},
  author = {Dont Know},
    howpublished = {\url{http://en.wikipedia.org/wiki/Comparison_of_TeX_editors}},
}

@ARTICLE{Vahedi87,
  AUTHOR =  {واحدی, مصطفی},
  TITLE =  {درختان پوشای کمینه دورنگی مسطح},
  JOURNAL =  {مجله فارسی نمونه},
  VOLUME =  {1},
  YEAR =  {1387},
  NUMBER =  {2},
  MONTH =  {آبان},
  PAGES =  {22-30},
  LANGUAGE =   {Persian}
}

@PHDTHESIS{Omidali82phdThesis,
  AUTHOR =       {امیدعلی, مهدی},
  TITLE =        {خم‌های تک‌جمله‌ای تعریف شده توسط دنباله‌های تقریباً حسابی},
  SCHOOL =       {دانشکده ریاضی، دانشگاه امیرکبیر},
  YEAR =         {1385},
  MONTH =        {تیر},
  LANGUAGE =     {Persian}
}

@CONFERENCE{Amintoosi87afzayesh,
  AUTHOR =       {امین‌طوسی,محمود and مزینی,ناصر and  فتحی,محمود},
  TITLE =        {افزایش وضوح ناحیه‌ای},
  BOOKTITLE =    {چهاردهمین کنفرانس ملی سالانه انجمن کامپیوتر ایران},
  YEAR =         {1387},
  ORGANIZATION = {دانشگاه امیرکبیر},
  ADDRESS =      {تهران، ایران},
  month = 		 {اسفند},
  pages = {101--108},
  LANGUAGE =     {Persian},  
  url = {http://www.civilica.com/Paper-ACCSI14-ACCSI14_107.htm}
}
@BOOK{vahid90,
  AUTHOR =       {خیری, حسین and دامن‌افشان,وحید and مقدم, مهسا and وفائی, وجیهه},
  EDITOR =       {},
  translator =   { },
  TITLE =        {نظریه معادلات دیفرانسیل معمولی و سیستم‌های دینامیکی},
  PUBLISHER =    {انتشارات دانشگاه تبریز},
  YEAR =         {۱۳۹۰},
  ADDRESS =      {تبریز},
  edition =      {اول},
  MONTH =        {},
  LANGUAGE =     {Persian}
}

@MASTERSTHESIS{Khalighi07MscThesis,
  AUTHOR =       {Vafa Khalighi},
 AUTHORFA = {خلیقی,وفا},
  TITLE =        {Category Theory},
  SCHOOL =       {Sydny Univ.},
  YEAR =         {2007},
  MONTH =        {April}
}

@MISC{Khalighi87xepersian,
  AUTHOR =      {خلیقی,وفا},
  TITLE =        {زی‌پرشین (\lr{\XePersian}): بسته فارسی برای حروف‌چینی در \lr{\LaTeX2e}},
  HOWPUBLISHED =    {\lr{\href{http://ctan.org/pkg/xepersian}{http://ctan.org/pkg/xepersian}}},
  YEAR =         {۱۳۸۷},
  LANGUAGE =     {Persian}
  }
  
  @BOOK{Gonzalez02book,
  AUTHOR =      {Gonzalez,, Rafael C. and Woods,, Richard E.},
  authorfa = {ر. گنزالس and ر. وودس },
  TITLE =       {Digital Image Processing},
  PUBLISHER =   {Prentice-Hall, Inc.},
  YEAR =        {2006},
  ISBN = 		{013168728X},
  EDITION = 	{3rd},
  ADDRESS = {Upper Saddle River, NJ, USA},
}

@article{Baker02limits,
 author = {Baker,, Simon and Kanade,, Takeo},
 title = {Limits on Super-Resolution and How to Break Them},
 journal = {IEEE Trans. Pattern Anal. Mach. Intell.},
 volume = {24},
 number = {9},
 year = {2002},
 issn = {0162-8828},
 pages = {1167--1183},
 publisher = {IEEE Computer Society},
 address = {Washington, DC, USA}
 }
 
 @BOOK{Pedram80osool,
  AUTHOR =       {استالینگ, ویلیام},
  EDITOR =       {برنجکوب, محمود},
  translator =   { صدیقی‌ مشکنانی, محسن and پدرام,حسین },
  TITLE =        {اصول طراحی و ویژگیهای داخلی سیستم‌های عامل},
  PUBLISHER =    {نشر شیخ بهایی},
  YEAR =         {۱۳۸۰},
  ADDRESS =      {اصفهان},
  edition =      {سوم},
  MONTH =        {بهار},
  LANGUAGE =     {Persian}
}
