%%
%% This is file `pubform.bib',
%% generated with the docstrip utility.
%%
%% The original source files were:
%%
%% acmconf.dtx  (with options: `bib')
%% 
%% IMPORTANT NOTICE:
%% 
%% For the copyright see the source file.
%% 
%% Any modified versions of this file must be renamed
%% with new filenames distinct from pubform.bib.
%% 
%% For distribution of the original source see the terms
%% for copying and modification in the file acmconf.dtx.
%% 
%% This generated file may be distributed as long as the
%% original source files, as listed above, are part of the
%% same distribution. (The sources need not necessarily be
%% in the same archive or directory.)
%%
%% to test the checksum, uncomment    \OnlyDescription
%% in the driver
%%\fi
%%
%% \CharacterTable
%%  {Upper-case    \A\B\C\D\E\F\G\H\I\J\K\L\M\N\O\P\Q\R\S\T\U\V\W\X\Y\Z
%%   Lower-case    \a\b\c\d\e\f\g\h\i\j\k\l\m\n\o\p\q\r\s\t\u\v\w\x\y\z
%%   Digits        \0\1\2\3\4\5\6\7\8\9
%%   Exclamation   \!     Double quote  \"     Hash (number) \#
%%   Dollar        \$     Percent       \%     Ampersand     \&
%%   Acute accent  \'     Left paren    \(     Right paren   \)
%%   Asterisk      \*     Plus          \+     Comma         \,
%%   Minus         \-     Point         \.     Solidus       \/
%%   Colon         \:     Semicolon     \;     Less than     \<
%%   Equals        \=     Greater than  \>     Question mark \?
%%   Commercial at \@     Left bracket  \[     Backslash     \\
%%   Right bracket \]     Circumflex    \^     Underscore    \_
%%   Grave accent  \`     Left brace    \{     Vertical bar  \|
%%   Right brace   \}     Tilde         \~}

@TECHREPORT{template.1999,
AUTHOR          = "ACM",
TITLE           = "{ACM} {SIG} {PROCEEDINGS} template",
INSTITUTION     = "ACM",
ADDRESS         = "http://www.acm.org/sigs/
                   pubs/proceed/template.html",
YEAR            = 1999,
}

@ARTICLE{anderson.1992,
AUTHOR          = "Anderson, R.E",
TITLE           = "Social impacts of computing: Codes of
                   professional ethics",
JOURNAL         = "Social Science Computing Review",
YEAR            = 1992,
NUMBER          = 4,
VOLUME          = 10,
PAGES           = "453--469",
}

@ARTICLE{conger.1995,
AUTHOR          = "Conger, Sue          AND
                   Loch, Karen D.",
TITLE           = "Ethics and computer use",
JOURNAL         = "Communications of the {ACM}",
VOLUME          = 38,
MONTH           = dec,
YEAR            = 1995,
NUMBER          = 12,
PAGES           = "30--32",
}

@INPROCEEDINGS{mackay.1995,
AUTHOR          = "Mackay, W.E.",
TITLE           = "Ethics, lies and videotape...",
BOOKTITLE       = "Proceedings of {CHI} '95 (Denver CO)",
PUBLISHER       = "ACM Press",
MONTH           = may,
YEAR            = 1995,
PAGES           = "138--145",
}

@TECHREPORT{schwartz.1995,
AUTHOR          = "Schwartz, M.                 AND
                   {Task Force on Bias-Free Language}",
TITLE           = "Guidelines for Bias-Free Writing",
INSTITUTION     = "Indiana University",
PUBLISHER       = "Indiana University Press, Bloomington IN",
YEAR            = 1995,
}
\endinput
%%
%% End of file `pubform.bib'.
