@article{name,
    author = "",
    title = "",
    journal = "",
    volume = "",
    number = "",
    pages = "",
    year = "",
}

@book{dirac,
    title = "",
    author = "",
    isbn = "",
    series = "",
    year = "",
    publisher = "",
    keywords = ""
}

@online{knuthwebsite,
    author = "",
    title = "",
    url  = "",
    addendum = "",
    keywords = ""
}

@inbook{knuth-fa,
    author = "",
    title = "",
    publisher = "",
    year = "",
    chapter = "",
    keywords  = ""
}
